% Encoding: UTF-8

@Book{Hall2015,
  author    = {Brian C. Hall},
  publisher = {Springer International Publishing},
  title     = {{Lie Groups, Lie Algebras, and Representations: An Elementary Introduction}},
  year      = {2015},
  edition   = {2nd},
  isbn      = {9783319134666},
  series    = {Graduate Texts in Mathematics},
  volume    = {222},
  doi       = {10.1007/978-3-319-13467-3},
}

@Article{SLHA,
  author        = {Peter Z. Skands and others},
  journal       = {JHEP},
  title         = {SUSY Les Houches accord: Interfacing SUSY spectrum calculators, decay packages, and event generators},
  year          = {2004},
  note          = {Updated in Nov.~2009 (v4)},
  pages         = {036},
  volume        = {07},
  archiveprefix = {arXiv},
  doi           = {10.1088/1126-6708/2004/07/036},
  eprint        = {hep-ph/0311123},
  reportnumber  = {LU-TP-03-39, SHEP-03-24, CERN-TH-2003-204, ZU-TH-15-03, LMU-19-03, DCPT-03-108, IPPP-03-54, CTS-IISC-2003-07, DESY-03-166, MPP-2003-111},
}

@Article{SLHA2,
  author        = {Allanach, B. C. and others},
  journal       = {Comput. Phys. Commun.},
  title         = {{SUSY Les Houches Accord 2}},
  year          = {2009},
  note          = {Updated in Nov.~2009 (v3)},
  pages         = {8-25},
  volume        = {180},
  archiveprefix = {arXiv},
  doi           = {10.1016/j.cpc.2008.08.004},
  eprint        = {0801.0045},
  primaryclass  = {hep-ph},
  reportnumber  = {FERMILAB-PUB-07-036-T, SLAC-PUB-12765, CERN-PH-TH-2007-148, DAMTP-2007-76, EDINBURGH-2007-31, KEK-TH-1170, LAPTH-1204-07, LPT-ORSAY-07-81, SHEP-07-13},
}

@Collapse{LOOPTOOLS,
  targets = {Hahn:1998yk,looptoolsweb},
}

@Article{Dreiner:2008tw,
  author        = {Dreiner, Herbi K. and Haber, Howard E. and Martin, Stephen P.},
  journal       = {Phys. Rept.},
  title         = {{Two-component spinor techniques and Feynman rules for quantum field theory and supersymmetry}},
  year          = {2010},
  pages         = {1-196},
  volume        = {494},
  archiveprefix = {arXiv},
  doi           = {10.1016/j.physrep.2010.05.002},
  eprint        = {0812.1594},
  primaryclass  = {hep-ph},
  reportnumber  = {BN-TH-2008-12, SCIPP-08-08, FERMILAB-PUB-09-855-T},
  slaccitation  = {%%CITATION = ARXIV:0812.1594;%%},
}

@InCollection{Martin:1997ns,
  author    = {Martin, Stephen P.},
  booktitle = {Perspectives on Supersymmetry II},
  publisher = {World Scientific},
  title     = {{A Supersymmetry primer}},
  year      = {2010},
  chapter   = {1},
  editor    = {Kane, Gordon L},
  note      = {Previously \href{https://doi.org/10.1142/9789812839657_0001}{published} in \emph{Perspectives on Supersymmetry}, World Scientific, 1998.},
  pages     = {1-153},
  doi       = {10.1142/9789814307505_0001},
}

@Article{Covi:2009bk,
  author        = {Covi, Laura and Hasenkamp, Jasper and Pokorski, Stefan and Roberts, Jonathan},
  journal       = {JHEP},
  title         = {{Gravitino Dark Matter and general neutralino NLSP}},
  year          = {2009},
  pages         = {003},
  volume        = {11},
  archiveprefix = {arXiv},
  doi           = {10.1088/1126-6708/2009/11/003},
  eprint        = {0908.3399},
  primaryclass  = {hep-ph},
  reportnumber  = {DESY-09-062},
  slaccitation  = {%%CITATION = ARXIV:0908.3399;%%},
}

@Article{Cannoni:2016hro,
  author        = {Cannoni, Mirco},
  journal       = {Int. J. Mod. Phys.},
  title         = {{Lorentz invariant relative velocity and relativistic binary collisions}},
  year          = {2017},
  number        = {02n03},
  pages         = {1730002},
  volume        = {A32},
  archiveprefix = {arXiv},
  doi           = {10.1142/S0217751X17300022},
  eprint        = {1605.00569},
  primaryclass  = {hep-ph},
  slaccitation  = {%%CITATION = ARXIV:1605.00569;%%},
}

@Article{Hahn:1998yk,
  author        = {Hahn, T. and Perez-Victoria, M.},
  journal       = {Comput. Phys. Commun.},
  title         = {{Automatized one loop calculations in four-dimensions and D-dimensions}},
  year          = {1999},
  pages         = {153-165},
  volume        = {118},
  archiveprefix = {arXiv},
  doi           = {10.1016/S0010-4655(98)00173-8},
  eprint        = {hep-ph/9807565},
  primaryclass  = {hep-ph},
  reportnumber  = {UG-FT-87-98, KA-TP-7-1998},
  slaccitation  = {%%CITATION = HEP-PH/9807565;%%},
}

@Misc{looptoolsweb,
  author  = {Thomas Hahn},
  title   = {{The LoopTools Visitor Center}},
  url     = {http://www.feynarts.de/looptools/},
  urldate = {2020.10.01},
}

@Misc{romaoAQFT,
  author  = {Rom\~ao, Jorge C.},
  title   = {{Advanced Quantum Field Theory}},
  url     = {http://porthos.tecnico.ulisboa.pt/Public/textos/tca.pdf},
  urldate = {2020.10.01},
}

@Article{CabralRosetti:1998sp,
  author        = {Cabral-Rosetti, Luis G. and Sanchis-Lozano, Miguel A.},
  journal       = {J. Comput. Appl. Math.},
  title         = {{Generalized hypergeometric functions and the evaluation of scalar one loop integrals in Feynman diagrams}},
  year          = {2000},
  pages         = {93-99},
  volume        = {115},
  archiveprefix = {arXiv},
  booktitle     = {{International Congress on Computational and Applied Mathematics (ICCAM 98) Leuven, Belgium, July 27-August 1, 1998}},
  doi           = {10.1016/S0377-0427(99)00121-1},
  eprint        = {hep-ph/9809213},
  primaryclass  = {hep-ph},
  reportnumber  = {FTUV-98-67, IFIC-98-68},
  slaccitation  = {%%CITATION = HEP-PH/9809213;%%},
}

@Article{Passarino:1978jh,
  author       = {Passarino, G. and Veltman, M. J. G.},
  journal      = {Nucl. Phys.},
  title        = {{One Loop Corrections for e$^+$ e$^-$ Annihilation Into $\mu^+$ $\mu^-$ in the Weinberg Model}},
  year         = {1979},
  pages        = {151-207},
  volume       = {B160},
  doi          = {10.1016/0550-3213(79)90234-7},
  reportnumber = {Print-79-0284 (UTRECHT)},
  slaccitation = {%%CITATION = NUPHA,B160,151;%%},
}

@Misc{Hitoshi233B,
  author = {Hitoshi Murayama},
  title  = {Notes on Phase Space},
  url    = {http://hitoshi.berkeley.edu/233B/phasespace.pdf},
}

@Article{PDG2018,
  author        = {Tanabashi, M. and others},
  journal       = {Phys. Rev.},
  title         = {{Review of Particle Physics}},
  year          = {2018},
  number        = {3},
  pages         = {030001},
  volume        = {D98},
  collaboration = {Particle Data Group},
  doi           = {10.1103/PhysRevD.98.030001},
  groups        = {misho:6},
  slaccitation  = {%%CITATION = PHRVA,D98,030001;%%},
}

@Article{Rasin:1997pn,
  author        = {Rasin, Andrija},
  title         = {{Diagonalization of quark mass matrices and the Cabibbo-Kobayashi-Maskawa matrix}},
  year          = {1997},
  month         = {8},
  archiveprefix = {arXiv},
  eprint        = {hep-ph/9708216},
}

@Article{Casas:2001sr,
  author        = {Casas, J.A. and Ibarra, A.},
  journal       = {Nucl. Phys. B},
  title         = {{Oscillating neutrinos and $\mu \to e, \gamma$}},
  year          = {2001},
  pages         = {171--204},
  volume        = {618},
  archiveprefix = {arXiv},
  doi           = {10.1016/S0550-3213(01)00475-8},
  eprint        = {hep-ph/0103065},
  reportnumber  = {IEM-FT-211-01, OUTP-01-11P, IFT-UAM-CSIC-01-08},
}

@Article{Brdar:2019iem,
  author        = {Brdar, Vedran and Helmboldt, Alexander J. and Iwamoto, Sho and Schmitz, Kai},
  journal       = {Phys. Rev.},
  title         = {{Type-I Seesaw as the Common Origin of Neutrino Mass, Baryon Asymmetry, and the Electroweak Scale}},
  year          = {2019},
  pages         = {075029},
  volume        = {D100},
  archiveprefix = {arXiv},
  doi           = {10.1103/PhysRevD.100.075029},
  eprint        = {1905.12634},
  primaryclass  = {hep-ph},
}

@Article{PDG2020,
  author        = {Zyla, P.A. and others},
  journal       = {PTEP},
  title         = {{Review of Particle Physics}},
  year          = {2020},
  number        = {8},
  pages         = {083C01},
  volume        = {2020},
  collaboration = {Particle Data Group},
  doi           = {10.1093/ptep/ptaa104},
}

@Article{PDG2024,
  author        = {Navas, S. and others},
  journal       = {Phys. Rev.},
  title         = {{Review of Particle Physics}},
  year          = {2024},
  pages         = {030001},
  volume        = {D110},
  collaboration = {Particle Data Group},
  doi           = {10.1103/PhysRevD.110.030001},
}

@Article{Huang:2020hdv,
  author        = {Huang, Guo-yuan and Zhou, Shun},
  title         = {{Precise Values of Running Quark and Lepton Masses in the Standard Model}},
  year          = {2020},
  month         = {9},
  archiveprefix = {arXiv},
  eprint        = {2009.04851},
  primaryclass  = {hep-ph},
}

@Article{Martin:2019lqd,
  author        = {Martin, Stephen P. and Robertson, David G.},
  journal       = {Phys. Rev.},
  title         = {{Standard model parameters in the tadpole-free pure $\overline{\text{MS}}$ scheme}},
  year          = {2019},
  number        = {7},
  pages         = {073004},
  volume        = {D100},
  archiveprefix = {arXiv},
  doi           = {10.1103/PhysRevD.100.073004},
  eprint        = {1907.02500},
  primaryclass  = {hep-ph},
}

@Book{WeinbergQFT1,
  author    = {Steven Weinberg},
  publisher = {Cambridge University Press},
  address   = {Cambridge, UK},
  title     = {The Quantum Theory of Fields, Vol.~1: Foundations},
  year      = {1995},
  doi       = {10.1017/CBO9781139644167},
}

@Book{WeinbergQFT2,
  author    = {Steven Weinberg},
  publisher = {Cambridge University Press},
  address   = {Cambridge, UK},
  title     = {The Quantum Theory of Fields, Vol.~2: Modern Applications},
  year      = {1996},
  doi       = {10.1017/CBO9781139644174},
}

@Article{Esteban:2018azc,
  author        = {Esteban, Ivan and Gonzalez-Garcia, M.C. and Hernandez-Cabezudo, Alvaro and Maltoni, Michele and Schwetz, Thomas},
  journal       = {JHEP},
  title         = {{Global analysis of three-flavour neutrino oscillations: synergies and tensions in the determination of $\theta_{23}$, $\delta_{CP}$, and the mass ordering}},
  year          = {2019},
  pages         = {106},
  volume        = {01},
  archiveprefix = {arXiv},
  doi           = {10.1007/JHEP01(2019)106},
  eprint        = {1811.05487},
  primaryclass  = {hep-ph},
  reportnumber  = {IFT-UAM/CSIC-18-112, YITP-SB-18-34},
}

@Article{Esteban:2020cvm,
  author        = {Esteban, Ivan and Gonzalez-Garcia, M.C. and Maltoni, Michele and Schwetz, Thomas and Zhou, Albert},
  title         = {{The fate of hints: updated global analysis of three-flavor neutrino oscillations}},
  year          = {2020},
  month         = {7},
  archiveprefix = {arXiv},
  eprint        = {2007.14792},
  primaryclass  = {hep-ph},
  reportnumber  = {IFT-UAM/CSIC-112, YITP-SB-2020-21},
}

@Misc{nufit50web,
  title   = {NuFIT},
  url     = {http://www.nu-fit.org/},
  urldate = {2022.06.17},
}

@Collapse{NUFIT,
  targets = {nufit50web,Esteban:2020cvm},
}

@Article{Blennow:2011vn,
  author        = {Blennow, Mattias and Fernandez-Martinez, Enrique},
  journal       = {Phys. Lett. B},
  title         = {{Parametrization of Seesaw Models and Light Sterile Neutrinos}},
  year          = {2011},
  pages         = {223--229},
  volume        = {704},
  archiveprefix = {arXiv},
  doi           = {10.1016/j.physletb.2011.09.028},
  eprint        = {1107.3992},
  primaryclass  = {hep-ph},
}

@Article{Blennow:2016jkn,
  author        = {Blennow, Mattias and Coloma, Pilar and Fernandez-Martinez, Enrique and Hernandez-Garcia, Josu and Lopez-Pavon, Jacobo},
  journal       = {JHEP},
  title         = {{Non-Unitarity, sterile neutrinos, and Non-Standard neutrino Interactions}},
  year          = {2017},
  pages         = {153},
  volume        = {04},
  archiveprefix = {arXiv},
  doi           = {10.1007/JHEP04(2017)153},
  eprint        = {1609.08637},
  primaryclass  = {hep-ph},
  reportnumber  = {IFT-UAM-CSIC-16-090, FTUAM-16-35, FERMILAB-PUB-16-400-T},
}

@Book{Kugo1,
  author    = {\JA{九後 汰一郎}},
  publisher = {\JA{培風館}},
  title     = {\JA{ゲージ場の量子論Ⅰ}},
  year      = {1989},
  isbn      = {978-4-563-02423-9},
  month     = sep,
  series    = {\JA{新物理学シリーズ}},
  volume    = {23},
}

@Misc{Wikipedia:Clifford_Algebra,
  author  = {{Wikipedia contributors}},
  title   = {Clifford algebra --- {Wikipedia}{,} The Free Encyclopedia},
  year    = {2021},
  url     = {https://en.wikipedia.org/wiki/Clifford\_algebra},
  urldate = {2021-02-17},
}

@Misc{Yamaguchi:spinor,
  author = {\JA{山口 哲}},
  title  = {\JA{様々な次元のスピノール}},
  year   = {2021},
  url    = {http://www-het.phys.sci.osaka-u.ac.jp/~yamaguch/j/pdf/spinor.pdf},
  urldate = {2021-02-21},
}

@InProceedings{RauschdeTraubenberg:2005aa,
  author        = {Rausch de Traubenberg, Michel},
  booktitle     = {{7th International Conference on Clifford Algebras and their Applications in Mathematical Physics}},
  title         = {{Clifford algebras in physics}},
  year          = {2005},
  month         = {6},
  archiveprefix = {arXiv},
  eprint        = {hep-th/0506011},
}

@article{Kryuchkov:2015acw,
    author = "Kryuchkov, Sergey I. and Lanfear, Nathan A. and Suslov, Sergei K.",
    title = "{The role of the Pauli\textendash{}Luba\'nski vector for the Dirac, Weyl, Proca, Maxwell and Fierz\textendash{}Pauli equations}",
    eprint = "1510.05164",
    archivePrefix = "arXiv",
    primaryClass = "math-ph",
    doi = "10.1088/0031-8949/91/3/035301",
    journal = "Phys. Scripta",
    volume = "91",
    number = "3",
    pages = "035301",
    year = "2016"
}


@Comment{jabref-meta: databaseType:bibtex;}

@Comment{jabref-meta: grouping:
0 AllEntriesGroup:;
1 StaticGroup:Markings\;2\;1\;\;\;\;;
2 StaticGroup:misho:6\;2\;1\;\;\;\;;
}
